@article{leemis1986relationships,
  title={Relationships among common univariate distributions},
  author={Leemis, Lawrence M},
  journal={The American Statistician},
  volume={40},
  number={2},
  pages={143--146},
  year={1986},
  publisher={Taylor \& Francis}
}